@book{Manolakis2005,
	author		= {Dimitris G. Manolakis and Vinay K. Ingle and Stephen M. Kogon},
	title		= {Statistical and Adaptive Signal Processing},
	publisher	= {Artech House, Inc.},
	address		= {Norwood},
	year		= {2005}
}
@book{Vetterli2014,
	author		= {Martin Vetterli and Jelena Kovacevic and Vivek K Goyal},
	title		= {Foundations of Signal Processing},
	publisher	= {Cambridge University Press},
	address		= {Cambridge},
	year		= {2014}
}
@misc{Lee2016,
	author        = {Zeping Lee},
	title         = {GB/T 7714-2015 参考文献 BiBTeX 样式},
	year          = {2016},
	url           = {https://github.com/zepinglee/gbt7714-bibtex-style}
}

@misc{Gai_2005_LaTeXKeJiWenDangPaiBan,
  title = {\hologo{LaTeX}科技文档排版},
  author = {盖, 鹤麟},
  year = {2005},
  publisher = {{杜克大学}}
}

@book{Liu_2013_LaTeXRuMen,
  title = {\hologo{LaTeX}入门},
  author = {刘, 海洋},
  year = {2013},
  publisher = {{电子工业出版社}},
  address = {{北京}},
  isbn = {978-7-121-20208-7}
}

@book{Reckdahl_2017_LaTeX2eChaTuZhiNan,
  title = {\hologo{LaTeX2e}插图指南},
  author = {Reckdahl, Keith},
  year = {2017},
  edition = {3.0.1},
  translator = {王, 磊 and 盛, 文博}
}


@book{Oetiker_2019_YiFenBuTaiJianDuanDeLaTeX2eJieShao,
  title = {一份（不太）简短的\hologo{LaTeX2e}介绍},
  author = {Oetiker, Tobias and Partl, Hubert and Hyna, Irene and Schlegl, Elisabeth},
  year = {2019},
  edition = {6.01},
  publisher = {{ETH Zurich}},
  language = {English},
  translator = {C\hologo{TeX}开发小组}
}
